@article{Einstein-1905-ap891,
  author    = {Albert Einstein},
  title     = {Zur {E}lektrodynamik bewegter {K}\"{o}rper},
  journal   = {Ann. Physik.},
  volume    = {17},
  year      = {1905},
  pages     = {891--921}
}

@book{Arya-book-1974,
  author    = {Atam P. Arya},
  title     = {Elementary Modern Physics},
  publisher = {Addison-Wesley Publishing},
  year      = {1974},
  isbn      = {},
}

@book{Garey-Johnson-the-black-book-1979,
  author    = {M. R. Garey and David S. Johnson},
  title     = {Computers and Intractability: A Guide to the Theory of NP-Completeness},
  publisher = {W. H. Freeman},
  year      = {1979},
  isbn      = {0-7167-1044-7},
  bibsource = {DBLP, http://dblp.uni-trier.de}
}


@article{Simon-siamjdm90,
  author    = {Hans-Ulrich Simon},
  title     = {On Approximate Solutions for Combinatorial Optimization
               Problems},
  journal   = {SIAM J. Discrete Mathematics},
  volume    = {3},
  number    = {2},
  year      = {1990},
  pages     = {294-310},
  ee        = {http://dx.doi.org/10.1137/0403025},
  bibsource = {DBLP, http://dblp.uni-trier.de}
}

@inproceedings{MLi-Vazirani-colt88,
  author    = {Ming Li and
               Umesh V. Vazirani},
  title     = {On the Learnability of Finite Automata},
  booktitle = {Proceedings of the first annual workshop on Computational learning theory},
  series    = {COLT '88},
  year      = {1988},
  pages     = {359-370},
  ee        = {http://dl.acm.org/citation.cfm?id=93113},
  bibsource = {DBLP, http://dblp.uni-trier.de}
}

@article{Bellare-et-al-siamjc98,
  author    = {Mihir Bellare and
               Oded Goldreich and
               Madhu Sudan},
  title     = {Free Bits, {PCPs}, and Nonapproximability-Towards Tight Results},
  journal   = sicomp,
  volume    = {27},
  number    = {3},
  year      = {1998},
  pages     = {804-915},
  ee        = {http://dx.doi.org/10.1137/S0097539796302531},
  bibsource = {DBLP, http://dblp.uni-trier.de}
}

@article{kristensen2006finding,
  title={Finding small {OBDDs} for incompletely specified truth tables is hard},
  author={Kristensen, Jesper and Miltersen, Peter},
  journal={Computing and Combinatorics},
  pages={489--496},
  year={2006},
  publisher={Springer}
}

@article{shimozono1998hardness,
  title={On the hardness of approximating the minimum consistent acyclic {DFA} and decision diagram},
  author={Shimozono, Shinichi and Hirata, Kouichi and Shinohara, Ayumi},
  journal=ipl,
  volume={66},
  number={4},
  pages={165--170},
  year={1998},
  publisher={Elsevier}
}

@article{pitt1993minimum,
  title={The minimum consistent {DFA} problem cannot be approximated within any polynomial},
  author={Pitt, Leonard and Warmuth, Manfred K},
  journal=jacm,
  volume={40},
  number={1},
  pages={95--142},
  year={1993},
  publisher={ACM}
}

@inproceedings{crescenzi1997short,
  title={A short guide to approximation preserving reductions},
  author={Crescenzi, Pierluigi},
  booktitle={Computational Complexity, 1997. Proceedings., Twelfth Annual IEEE Conference on (Formerly: Structure in Complexity Theory Conference)},
  pages={262--273},
  year={1997},
  organization={IEEE}
}

@article{gold1978complexity,
  title={Complexity of automaton identification from given data},
  author={Gold, E Mark},
  journal={Information and control},
  volume={37},
  number={3},
  pages={302--320},
  year={1978},
  publisher={Elsevier}
}


@article{angluin1978complexity,
  title={On the complexity of minimum inference of regular sets},
  author={Angluin, Dana},
  journal={Information and Control},
  volume={39},
  number={3},
  pages={337--350},
  year={1978},
  publisher={Elsevier}
}

@article{bellare1998free,
  title={Free Bits, PCPs, and Nonapproximability---Towards Tight Results},
  author={Bellare, Mihir and Goldreich, Oded and Sudan, Madhu},
  journal=sicomp,
  volume={27},
  number={3},
  pages={804--915},
  year={1998},
  publisher={SIAM}
}


  journal={Computing and Combinatorics},
  pages={489--496},
  year={2006},
  publisher={Springer}
}



@inproceedings{crescenzi1997short,
  title={A short guide to approximation preserving reductions},
  author={Crescenzi, Pierluigi},
  booktitle={Computational Complexity, 1997. Proceedings., Twelfth Annual IEEE Conference on (Formerly: Structure in Complexity Theory Conference)},
  pages={262--273},
  year={1997},
  organization={IEEE}
}


@article{bellare1998free,
  title={Free Bits, PCPs, and Nonapproximability---Towards Tight Results},
  author={Bellare, Mihir and Goldreich, Oded and Sudan, Madhu},
  journal=sicomp,
  volume={27},
  number={3},
  pages={804--915},
  year={1998},
  publisher={SIAM}
}


@book{Garey-Johnson-the-black-book-1979,
  author    = {M. R. Garey and David S. Johnson},
  title     = {Computers and Intractability: A Guide to the Theory of NP-Completeness},
  publisher = {W. H. Freeman},
  year      = {1979},
  isbn      = {0-7167-1044-7},
  bibsource = {DBLP, http://dblp.uni-trier.de}
}

@book{Harary-book-69,
  author    = {F. Harary},
  title     = {Graph Theory},
  publisher = {Addison-Wesley},
  year      = {1969},
reprint = {1994, Westview Press}
}

@article{bugalho2005inference,
  title={Inference of regular languages using state merging algorithms with search},
  author={Bugalho, Miguel and Oliveira, Arlindo L},
  journal={Pattern Recognition},
  volume={38},
  number={9},
  pages={1457--1467},
  year={2005},
  publisher={Elsevier}
}

@article{oliveira2001efficient,
  title={Efficient algorithms for the inference of minimum size {DFAs}},
  author={Oliveira, Arlindo L and Silva, Jo{\~a}o PM},
  journal={Machine Learning},
  volume={44},
  number={1},
  pages={93--119},
  year={2001},
  publisher={Springer}
}

@inproceedings{ulyantsev2011extended,
  title={Extended Finite-State Machine Induction using {SAT-Solver}},
  author={Ulyantsev, Vladimir and Tsarev, Fedor},
  booktitle={Machine Learning and Applications and Workshops (ICMLA), 2011 10th International Conference on},
  volume={2},
  pages={346--349},
  year={2011},
  organization={IEEE}
}

@inproceedings{florencio2012regular,
  title={Regular inference as vertex coloring},
  author={Flor{\^e}ncio, Christophe Costa and Verwer, Sicco},
  booktitle={Algorithmic Learning Theory},
  pages={81--95},
  year={2012},
  organization={Springer}
}

@article{walkinshaw2012stamina,
  title={{STAMINA}: a competition to encourage the development and assessment of software model inference techniques},
  author={Walkinshaw, Neil and Lambeau, Bernard and Damas, Christophe and Bogdanov, Kirill and Dupont, Pierre},
  journal={Empirical Software Engineering},
  pages={1--34},
  year={2012},
  publisher={Springer}
}

@article{lang1998results,
  title={Results of the {Abbadingo} one {DFA} learning competition and a new evidence-driven state merging algorithm},
  author={Lang, Kevin and Pearlmutter, Barak and Price, Rodney},
  journal={Grammatical Inference},
  pages={1--12},
  year={1998},
  publisher={Springer}
}


@article{takenaga2000hardness,
  title={Hardness of identifying the minimum ordered binary decision diagram},
  author={Takenaga, Yasuhiko and Yajima, Shuzo},
  journal={Discrete Applied Mathematics},
  volume={107},
  number={1},
  pages={191--201},
  year={2000},
  publisher={Elsevier}
}

@article{birkendorf1998using,
  title={Using computational learning strategies as a tool for combinatorial optimization},
  author={Birkendorf, Andreas and Ulrich Simon, Hans},
  journal={Annals of Mathematics and Artificial Intelligence},
  volume={22},
  number={3},
  pages={237--257},
  year={1998},
  publisher={Springer}
}




@article{heule2010exact,
  title={Exact DFA identification using SAT solvers},
  author={Heule, Marijn and Verwer, Sicco},
  journal={Grammatical Inference: Theoretical Results and Applications},
  pages={66--79},
  year={2010},
  publisher={Springer}
}

@Book{TrakhtenbrotBarzdin1973,
  author = {B. Trakhtenbrot and Ya. Barzdin},
  title = {Finite Automata: Behavior and Synthesis},
  publisher = {North Holland Publishing Company},
  year = {1973}
}


@article{dean1995inferring,
  title={Inferring finite automata with stochastic output functions and an application to map learning},
  author={Dean, Thomas and Angluin, Dana and Basye, Kenneth and Engelson, Sean and Kaelbling, Leslie and Kokkevis, Evangelos and Maron, Oded},
  journal={Machine Learning},
  volume={18},
  number={1},
  pages={81--108},
  year={1995},
  publisher={Springer}
}



@inproceedings{aslam1990inferring,
 author = {Aslam, Javed A. and Rivest, Ronald L.},
 title = {Inferring graphs from walks},
 booktitle = {Proceedings of the third annual workshop on Computational learning theory},
 series = {COLT '90},
 year = {1990},
 isbn = {1-55860-146-5},
 location = {Rochester, New York, USA},
 pages = {359--370},
 numpages = {12},
 urlOPT = {http://dl.acm.org/citation.cfm?id=92571.92670},
 acmid = {92670},
 publisher = {Morgan Kaufmann Publishers Inc.},
 address = {San Francisco, CA, USA},
} 


@article{rivest1993inference,
  title={Inference of finite automata using homing sequences},
  author={Rivest, Ronald and Schapire, Robert},
  journal={Machine Learning: From Theory to Applications},
  pages={51--73},
  year={1993},
  publisher={Springer}
}

@article{bender2002power,
  title={The power of a pebble: Exploring and mapping directed graphs},
  author={Bender, Michael A and Fern{\'a}ndez, Antonio and Ron, Dana and Sahai, Amit and Vadhan, Salil},
  journal={Information and Computation},
  volume={176},
  number={1},
  pages={1--21},
  year={2002},
  publisher={Elsevier}
}

@article{raghavan1994bounded,
  title={Bounded degree graph inference from walks},
  author={Raghavan, Vijay},
  journal=jcss,
  volume={49},
  number={1},
  pages={108--132},
  year={1994},
  publisher={Elsevier}
}


@article{maruyama1996inferring,
  title={Inferring a tree from walks},
  author={Maruyama, Osamu and Miyano, Satoru},
  journal=tcs,
  volume={161},
  number={1},
  pages={289--300},
  year={1996},
  publisher={Elsevier}
}

@article{de1996identification,
  title={Identification of DFA: Data-dependent versus data-independent algorithms},
  author={De La Higuera, Colin and Oncina, Jos{\'e} and Vidal, Enrique},
  journal={Grammatical Interference: Learning Syntax from Sentences},
  pages={313--325},
  year={1996},
  publisher={Springer}
}

@article{dupont1994search,
  title={What is the search space of the regular inference?},
  author={Dupont, Pierre and Miclet, Laurent and Vidal, Enrique},
  journal={Grammatical Inference and Applications},
  pages={25--37},
  year={1994},
  publisher={Springer}
}

@article{blumer1987occam,
  title={Occam's razor},
  author={Blumer, Anselm and Ehrenfeucht, Andrzej and Haussler, David and Warmuth, Manfred K},
  journal=ipl,
  volume={24},
  number={6},
  pages={377--380},
  year={1987},
  publisher={Elsevier}
}

@article{watson2003new,
  title={A new algorithm for the construction of minimal acyclic DFAs},
  author={Watson, Bruce W},
  journal={Science of Computer Programming},
  volume={48},
  number={2},
  pages={81--97},
  year={2003},
  publisher={Elsevier}
}

@article{revuz1992minimisation,
  title={Minimisation of acyclic deterministic automata in linear time},
  author={Revuz, Dominique},
  journal=tcs,
  volume={92},
  number={1},
  pages={181--189},
  year={1992},
  publisher={Elsevier}
}

@book{Kortenkamp:1998:AIM:292092,
 editor = {Kortenkamp, David and Bonasso, R. Peter and Murphy, Robin},
 title = {Artificial intelligence and mobile robots: case studies of successful robot systems},
 year = {1998},
 isbn = {0-262-61137-6},
 publisher = {MIT Press},
 address = {Cambridge, MA, USA},
} 

@book{Ausiello-et-al-book-1999,
 author = {Ausiello, Giorgio and Protasi, M. and Marchetti-Spaccamela, A. and Gambosi, G. and Crescenzi, P. and Kann, V.},
 title = {Complexity and Approximation: Combinatorial Optimization Problems and Their Approximability Properties},
 year = {1999},
 isbn = {3540654313},
 edition = {1st},
 publisher = {Springer-Verlag New York, Inc.},
 address = {Secaucus, NJ, USA},
} 



@article{Papadimitriou-Yannakakis-1991,
  author    = {Christos H. Papadimitriou and Mihalis Yannakakis},
  title     = {Optimization, Approximation, and Complexity Classes},
  journal   = {J. Comput. Syst. Sci.},
  volume    = {43},
  number    = {3},
  year      = {1991},
  pages     = {425-440},
  ee        = {http://dx.doi.org/10.1016/0022-0000(91)90023-X},
  bibsource = {DBLP, http://dblp.uni-trier.de}
}

@article{KMP1977fast,
  title={Fast pattern matching in strings},
  OPTauthor={Knuth, Donald E and Morris, Jr, James H and Pratt, Vaughan R},
  author={Donald E. Knuth and James H. Morris Jr. and Vaughan R. Pratt},
  journal=sicomp,
  volume={6},
  number={2},
  pages={323--350},
  year={1977},
  publisher={SIAM}
}

@book{JewelsStringology2002,
  title={Jewels of stringology},
  author={Maxime Crochemore and Wojciech Rytter},
  year={2002},
  publisher={World Scientific}
}


@incollection{bland2013prefix,
  title={Prefix Table Construction and Conversion},
  author={Bland, Widmer and Kucherov, Gregory and Smyth, WF},
  booktitle={Combinatorial Algorithms},
  pages={41--53},
  year={2013},
  publisher={Springer}
}

@article{SuffixArray1993,
  author    = {Udi Manber and
               Eugene W. Myers},
  title     = {Suffix Arrays: {A} New Method for On-Line String Searches},
  journal   = sicomp,
  year      = {1993},
  volume    = {22},
  number    = {5},
  pages     = {935--948},
  urlOPT       = {http://dx.doi.org/10.1137/0222058},
  doiOPT       = {10.1137/0222058},
  timestamp = {Wed, 29 Oct 2014 02:33:46 +0100},
  biburl    = {http://dblp.uni-trier.de/rec/bib/journals/siamcomp/ManberM93},
  bibsource = {dblp computer science bibliography, http://dblp.org}
}